<?xml version="1.0" encoding="UTF-8"?><collection xmlns="http://www.loc.gov/MARC21/slim"><record><leader>00658nam--2200181-i-4500</leader><controlfield tag="001">000041144</controlfield><controlfield tag="002">20161230</controlfield><controlfield tag="005">20161230201043</controlfield><controlfield tag="008">060222s1000------------r-----000-0-eng-d</controlfield><datafield ind1=" " ind2=" " tag="040"><subfield code="a">IFIN-HH</subfield></datafield><datafield ind1=" " ind2=" " tag="080"><subfield code="a">621.384.633.5/6(061.3)</subfield></datafield><datafield ind1="1" ind2=" " tag="100"><subfield code="a">Howard, F.T</subfield></datafield><datafield ind1="1" ind2="0" tag="245"><subfield code="a">Sector-focused cyclotrons</subfield><subfield code="b">Nuclear science series proceedings of an informal conference sea island, geeorgia, february 2-4, 1959</subfield><subfield code="c">F.t. howard (ed.)</subfield></datafield><datafield ind1=" " ind2=" " tag="260"><subfield code="a">Washington, D.C</subfield><subfield code="b">National Academy Of Science</subfield><subfield code="c">1959</subfield></datafield><datafield ind1=" " ind2=" " tag="300"><subfield code="a">291P</subfield></datafield><datafield ind1=" " ind2=" " tag="490"><subfield code="a">Nuclear Science Series - National Research Council Publication 656</subfield><subfield code="v">Report Series 26</subfield></datafield><datafield ind1=" " ind2=" " tag="852"><subfield code="a">13144</subfield><subfield code="c">539</subfield></datafield><datafield ind1=" " ind2=" " tag="CAT"><subfield code="a">Sys</subfield><subfield code="c">20110926</subfield><subfield code="h">131022</subfield></datafield></record></collection>